@online{UpcallCost,
  author={Chaudron, Eelco},
  title={Investigating the cost of Open vSwitch upcalls in Linux},
  year = {2022},
  url={https://developers.redhat.com/articles/2022/02/07/investigating-cost-open-vswitch-upcalls-linux},
  urldate = {2023-06-12}
}

@online{RevalidatorExplained,
  author={Chaudron, Eelco},
  title={Open vSwitch: The revalidator process explained},
  year={2022},
  url={https://developers.redhat.com/articles/2022/10/19/open-vswitch-revalidator-process-explained},
  urldate = {2023-06-12}
}

@online{SdnArch,
  author={Open Networking Foundation},
  title={SDN architecture, issue 1},
  year={2014},
  url={https://opennetworking.org/wp-content/uploads/2013/02/TR_SDN_ARCH_1.0_06062014.pdf},
  urldate={2023-06-12},
}

@online{OFSpec,
  author = {Open Networking Foundation},
  title = {OpenFlow\textsuperscript{\textregistered} Switch Specification},
  url = {https://opennetworking.org/sdn-resources/openflow-switch-specification/},
  urldate = {2023-06-12},
}

@online{OVNInstallGuide,
  author={OVN contributors},
  title={OVN-Kubernetes installation guide},
  url={https://github.com/ovn-org/ovn-kubernetes/blob/b4392c25b12a343cbb5076a28dea7824b65bb530/docs/INSTALL.KUBEADM.md},
  urldate={2023-06-12},
}

@online{OVSWeb,
  title={Open vSwitch website},
  url = {http://www.openvswitch.org/},
  urldate = {2023-06-12},
}

@online{OpenStackOVNDocs,
  url={https://access.redhat.com/documentation/en-us/red_hat_openstack_platform/13/html/networking_with_open_virtual_network/open_virtual_network_ovn},
  urldate={2023-06-12},
  title={RedHat OpenStack documentation: Open Virtual Network},
}

@online{OVSHW,
  url={https://docs.openstack.org/neutron/rocky/admin/config-ovs-offload.html},
  urldate={2023-06-12},
  title={Open vSwitch hardware offloading},
}

@online{KubernetesResourceManagement,
  url={https://kubernetes.io/docs/concepts/configuration/manage-resources-containers/},
  urldate={2023-06-12},
  title={Kubernetes Documentation: Resource Management for Pods and Containers},
}

@online{KubeMemoryLimits,
  url={https://kubernetes.io/docs/tasks/configure-pod-container/assign-memory-resource/#exceed-a-container-s-memory-limit},
  urldate={2023-06-12},
  title={Kubernetes Documentation: Assign Memory Resources to Containers and Pods},
}

@online{OVNNBMan,
  url={https://www.man7.org/linux/man-pages/man5/ovn-nb.5.html},
  urldate={2023-06-12},
  title={OVN manpages: ovn-nb (5)},
}

@online{OVSActionsMan,
  url={https://www.man7.org/linux/man-pages/man7/ovs-actions.7.html},
  urldate={2023-06-19},
  title={OVS manpage: ovs-actions (7)},
}

@online{OVSSource,
  url={https://github.com/openvswitch/ovs},
  urldate={2023-06-19},
  title={Open vSwitch source code repository},
  author={OVS contributors},
}

@online{OVNSource,
  url={https://github.com/ovn-org/ovn},
  urldate={2023-06-19},
  title={Open Virtual Network (OVN) source code repository},
  author={OVN contributors},
}

@online{OVNKubeSource,
  url={https://github.com/ovn-org/ovn-kubernetes},
  urldate={2023-06-19},
  title={OVN-Kubernetes source code repository},
}

@online{KernelSource,
  url={https://git.kernel.org/pub/scm/linux/kernel/git/torvalds/linux.git/tree/net/openvswitch?h=v6.2},
  urldate={2023-06-19},
  title={Linux kernel source code: The openvswitch module},
  author={Torvalds, Linux et al.},
}